%% This BibTeX bibliography file was created using BibDesk.
%% http://bibdesk.sourceforge.net/


%% Created for Timo Amling at 2012-08-24 14:42:51 +0200 


%% Saved with string encoding Unicode (UTF-8) 


@techreport{MMTSA12,
	Address = {\burl{http://codex.wordpress.org/Shortcode_API}},
	Author = {Mullenweg, Matt},
	Date-Added = {2012-08-24 12:41:44 +0000},
	Date-Modified = {2012-08-24 12:42:33 +0000},
	Institution = {Word-Codex},
	Title = {The Shortcode API},
	Type = {Internetartikel},
	Year = {abgerufen am 12.08.2012}}

@techreport{GNU312,
	Address = {\burl{http://wordpress.org/about/}},
	Author = {Mullenweg, Matt},
	Date-Added = {2012-08-24 12:39:32 +0000},
	Date-Modified = {2012-08-24 12:41:33 +0000},
	Institution = {Wordpress.org},
	Title = {About Wordpress},
	Type = {Website},
	Year = {abgerufen am 13.08.2012}}

@techreport{WIKWP12,
	Address = {\burl{http://de.wikipedia.org/wiki/Wordpress}},
	Author = {Wikipedia.de},
	Date-Added = {2012-08-24 12:36:50 +0000},
	Date-Modified = {2012-08-24 12:37:37 +0000},
	Institution = {Wikipedia Foundation},
	Title = {Wordpress},
	Type = {Internetartikel},
	Year = {abgerufen am 16.08.2012}}

@techreport{MMPQ12,
	Address = {\burl{http://codex.wordpress.org/Class_Reference/wpdb}},
	Author = {Mullenweg, Matt},
	Date-Added = {2012-08-24 12:35:15 +0000},
	Date-Modified = {2012-08-24 12:40:55 +0000},
	Institution = {Wordpress-Codex},
	Title = {Protect Queries Against SQL Injection Attacks},
	Type = {Internetartikel},
	Year = {abgerufen am 16.08.2012}}

@techreport{JSS02,
	Address = {\burl{http://www.ibm.com/developerworks/java/tutorials/j-i18n/j-i18n-pdf.pdf}},
	Author = {Shirah, Joe Sam},
	Date-Added = {2012-08-24 12:33:26 +0000},
	Date-Modified = {2012-08-24 12:39:14 +0000},
	Institution = {IBM Cooperation},
	Title = {Java internationalization basics},
	Year = {abgerufen am 03.08.2012}}

@manual{JVEZSQL,
	Address = {\url{http://justinvincent.com/ezsql}},
	Author = {Justin Vincent},
	Date-Added = {2012-08-26 14:52:43 +0000},
	Date-Modified = {2012-08-26 14:54:05 +0000},
	Title = {ezsql},
	Year = {abgerufen am 22.08.12}}
	
@techreport{TPGGT,
	Address = {\burl{http://www.php.net/manual/de/function.gettext.php}},
	Author = {The PHP Group},
	Date-Added = {2012-08-28 12:51:33 +0000},
	Date-Modified = {2012-08-28 12:54:26 +0000},
	Institution = {PHP.net},
	Title = {gettext},
	Type = {Internetartikel},
	Year = {abgerufen am 28.08.12}}
	

@techreport{MGDRTAPL,
	Address = {http://www.martin-gardner.co.uk/how-to-get-your-wordpress-plugin-to-drop-table-from-the-database/},
	Author = {Martin Gardner},
	Date-Added = {2012-12-02 16:19:45 +0000},
	Date-Modified = {2012-12-02 16:22:57 +0000},
	Institution = {martin-gardener.co.uk},
	Title = {How to Get Your WordPress Plugin To DROP TABLE From The Database},
	Type = {Internetartikel},
	Year = {abgerufen am 02.12.12}}
	
	

@techreport{MMTPA12,
	Address = {\burl{http://codex.wordpress.org/Plugin_API}},
	Author = {Mullenweg, Matt},
	Date-Added = {2012-11-28 17:34:44 +0000},
	Date-Modified = {2012-11-28 17:36:45 +0000},
	Institution = {Wordpress-Codex},
	Title = {Plugin API},
	Type = {Internetartikel},
	Year = {abgerufen am 22.10.12}}
	
@techreport{MMTAR12,
	Address = {\burl{	http://codex.wordpress.org/Plugin_API/Action_Reference/admin_menu}},
	Author = {Mullenweg, Matt},
	Date-Added = {2012-11-29 17:34:44 +0000},
	Date-Modified = {2012-11-29 17:36:45 +0000},
	Institution = {Wordpress-Codex},
	Title = {Plugin API/Action Reference/admin menu},
	Type = {Internetartikel},
	Year = {abgerufen am 23.10.12}}

@techreport{MMTFR12,
	Address = {\burl{	http://codex.wordpress.org/Function_Reference/add_option}},
	Author = {Mullenweg, Matt},
	Date-Added = {2012-11-29 10:34:44 +0000},
	Date-Modified = {2012-11-29 10:36:45 +0000},
	Institution = {Wordpress-Codex},
	Title = {Function Reference/add option},
	Type = {Internetartikel},
	Year = {abgerufen am 23.10.12}}

@techreport{MMTFRPL13,
	Address = {\burl{	http://codex.wordpress.org/Function_Reference/plugin_basename}},
	Author = {Mullenweg, Matt},
	Date-Added = {2013-02-09 10:39:44 +0000},
	Date-Modified = {2013-02-09 10:39:45 +0000},
	Institution = {Wordpress-Codex},
	Title = {Function Reference/plugin basename},
	Type = {Internetartikel},
	Year = {abgerufen am 09.02.13}}

@techreport{TPGMK,
	Address = {\burl{http://php.net/manual/de/language.constants.predefined.php}},
	Author = {The PHP Group},
	Date-Added = {2012-08-28 12:51:33 +0000},
	Date-Modified = {2012-08-28 12:54:26 +0000},
	Institution = {PHP.net},
	Title = {Magische Konstanten},
	Type = {Internetartikel},
	Year = {abgerufen am 09.02.2013}}

@techreport{TPGDN,
	Address = {\burl{http://php.net/manual/de/function.dirname.php}},
	Author = {The PHP Group},
	Date-Added = {2012-08-28 12:51:33 +0000},
	Date-Modified = {2012-08-28 12:54:26 +0000},
	Institution = {PHP.net},
	Title = {dirname},
	Type = {Internetartikel},
	Year = {abgerufen am 09.02.2013}}

@techreport{WIKSI12,
	Address = {\burl{	http://de.wikipedia.org/wiki/SQL-Injection}},
	Author = {Wikipedia.de},
	Date-Added = {2012-12-01 12:36:50 +0000},
	Date-Modified = {2012-12-01 12:37:37 +0000},
	Institution = {Wikipedia Foundation},
	Title = {SQL-Injection},
	Type = {Internetartikel},
	Year = {abgerufen am 01.12.12}}
	
@techreport{SEPHFP13,
	Address = {\burl{http://www.selfphp.info/praxisbuch/praxisbuch.php?group=32}},
	Author = {SELFPHP.info},
	Date-Added = {2012-2-22 12:36:50 +0000},
	Date-Modified = {2012-2-22 12:37:37 +0000},
	Institution = {SELFPHP OHG},
	Title = {Formulare und PHP},
		Type = {Internetartikel},
	Year = {abgerufen am 22.02.13}}

@techreport{MMTFRDA13,
	Address = {\burl{	http://codex.wordpress.org/Function_Reference/do_action}},
	Author = {Mullenweg, Matt},
	Date-Added = {2013-02-09 10:39:44 +0000},
	Date-Modified = {2013-02-09 10:39:45 +0000},
	Institution = {Wordpress-Codex},
	Title = {Function Reference/do action},
	Type = {Internetartikel},
	Year = {abgerufen am 12.02.13}}
	
@techreport{THPHPISSET13,
	Address = {\burl{	http://php.net/manual/de/function.isset.php}},
	Author = {The PHP Group},
	Date-Added = {2013-02-09 10:39:44 +0000},
	Date-Modified = {2013-02-09 10:39:45 +0000},
	Institution = {PHP.net},
	Title = {isset},
	Type = {Internetartikel},
	Year = {abgerufen am 15.02.13}}
	
@techreport{MMTADOPPA13,
	Address = {\burl{	http://codex.wordpress.org/Function_Reference/add_options_page}},
	Author = {Mullenweg, Matt},
	Date-Added = {2013-02-09 10:39:44 +0000},
	Date-Modified = {2013-02-09 10:39:45 +0000},
	Institution = {Wordpress-Codex},
	Title = {Function Reference/add option page},
	Type = {Internetartikel},
	Year = {abgerufen am 17.02.13}}

@techreport{MMTFRADSUBMP13,
	Address = {\burl{	http://codex.wordpress.org/Function_Reference/add_submenu_page}},
	Author = {Mullenweg, Matt},
	Date-Added = {2013-02-09 10:39:44 +0000},
	Date-Modified = {2013-02-09 10:39:45 +0000},
	Institution = {Wordpress-Codex},
	Title = {Function Reference/add submenu page},
	Type = {Internetartikel},
	Year = {abgerufen am 16.02.13}}
	
@techreport{MMTADMPA13,
	Address = {\burl{	http://codex.wordpress.org/Function_Reference/add_menu_page}},
	Author = {Mullenweg, Matt},
	Date-Added = {2013-02-09 10:39:44 +0000},
	Date-Modified = {2013-02-09 10:39:45 +0000},
	Institution = {Wordpress-Codex},
	Title = {Function Reference/add menu page},
	Type = {Internetartikel},
	Year = {abgerufen am 16.02.13}}