@book{AH12,
	Address = {Bonn},
	Author = {Hetzel, Alexander},
	Date-Added = {2012-08-24 12:32:41 +0000},
	Date-Modified = {2012-08-24 12:33:24 +0000},
		Number = {978-3-8362-1727-9},
	Publisher = {Galileo Press},
	Title = {Wordpress 3 - Das umfassende Handbuch},
	Year = {2012}}

@book{BB11,
	Address = {Birmingham},
	Author = {Bondari, Brian AND Griffiths, Everett},
	Date-Added = {2012-08-24 12:30:31 +0000},
	Date-Modified = {2012-08-24 12:32:10 +0000},
		Number = {978-1-849513-52-4},
	Publisher = {Packt Publishing Ltd.},
	Title = {Wordpress 3 Plugin - Development Essentials},
	Year = {2011}}
	
	
@book{BWPWP11,
	Address = {Indianapolis},
	Author = {Brad Williams AND Ozh Richard AND Justin Tadlock},
	Date-Added = {2012-12-02 11:51:17 +0000},
	Date-Modified = {2012-12-02 11:55:05 +0000},
	Number = {978-0-470-91622-3},
	Publisher = {Wiley Publishing, Inc.},
	Title = {Professional WordPress Plugin Development},
	Year = {2011}}
